@book{Luke-1A,
    title = "MAT246: Lecture 1A",
    author = "Luke Volk",
    url = "https://q.utoronto.ca/courses/305252/files/26375572?module_item_id=4698986",
    year = "May 17th, 2023",
    publisher = "University of Toronto",
}

@book{paper,
    title = "Real Analysis - A Long-Form Mathematics Textbook, 2nd edition",
    author = "Jay Cummings",
    year = "July, 2019",
    publisher = "Self-Published",
    url = "https://longformmath.com/analysis-home"
}

@book{old,
    title = {Principles of Mathematical Analysis, 3rd edition},
    author = {Walter Rudin},
    url = {https://web.math.ucsb.edu/~agboola/teaching/2021/winter/122A/rudin.pdf},
    series = {International series in pure and applied mathematics},
    year = {1976},
    publisher = {McGraw-Hill},
}

@book{unique,
    author = "Leo Goldmakher",
    title = "$\mathbb{R}$ Is The Only Complete Ordered Field",
    url = "https://web.williams.edu/Mathematics/lg5/350/Uniqueness-of-R.pdf",
    publisher = "Williams College"
}

@book{approaches,
    title = {Constructions of the real numbers - a set theoretical approach},
    author = {Lothar Sebastian Krapp},
    url = {https://www.math.uni-konstanz.de/~krapp/research/Constructions_of_the_real_numbers.pdf},
    year = {March, 2014},
    publisher = {University of Oxford},
}

@book{calc,
    title = {Calculus in One Dimension Volume II},
    author = {Tyler Holden},
    year = {2018},
    publisher = {University of Toronto Mississauga},
}

@book{new,
    title = {A Course in Calculus and Real Analysis, 2nd edition},
    author = {Sudhir Ghorpade and Balbohan Limaye},
    url = {https://link.springer.com/book/10.1007/0-387-36425-0},
    series = {Undergraduate Texts in Mathematics},
    year = {2018},
    publisher = {Springer},
}